@UNPUBLISHED{testKey,
   author = "Oren Patashnik",
   title = "The Art of CP",
   note = "Documentation for general {\BibTeX} users",
   month = "8$^{th}$~" # feb,
   language = "USenglish",
   year = 1988, }